
@article{bouchaud2000,
	title = {Wealth condensation in a simple model of economy},
	author = {Bouchaud, J.P. and {MÃ©zard}, M.},
	year = {2000},
	date = {2000},
	journal = {Physica A: Statistical Mechanics and its Applications},
	pages = {536{\textendash}545},
	volume = {282},
	number = {3-4},
	note = {Publisher: Elsevier}
}

@article{abelson1959,
	title = {Modes of Resolution of Belief Dilemmas},
	author = {Abelson, Robert P.},
	year = {1959},
	date = {1959},
	journal = {The Journal of Conflict Resolution},
	pages = {343--352},
	volume = {3},
	number = {4},
	url = {http://www.jstor.org/stable/172752},
	note = {Publisher: Sage Publications, Inc.}
}
